%% LaTeX2e file `coverletter.bib'
%% generated by the `filecontents' environment
%% from source `coverletter' on 2020/03/31.
%%
@misc{A01,
  author = {Author, A.},
  year = {2001},
  title = {Alpha},
}
@online{B02,
  author = {Buthor, B.},
  year = {2002},
  title = {Bravo},
  url = {tex.stackexchange.com},
}
