%% LaTeX2e file `myrefs.bib'
%% generated by the `filecontents' environment
%% from source `coverletter' on 2020/03/31.
%%
@Book{Knuth:1990,
    author    = {Knuth, Donald E.},
    title     = {The {\TeX}book},
    year      = {1990},
    isbn      = {0-201-13447-0},
    publisher = {Addison\,\textendash\,Wesley},
}

@Book{Lamport:94,
    author    = {Lamport, Leslie},
    title     = {{\LaTeX}: A Document Preparation System},
    year      = {1994},
    isbn      = {0-021-52983-1},
    publisher = {Addison\,\textendash\,Wesley},
}
